I@article{axmacher2008ripples,
  title={Ripples in the medial temporal lobe are relevant for human memory consolidation},
  author={Axmacher, Nikolai and Elger, Christian E and Fell, Juergen},
  journal={Brain},
  volume={131},
  number={7},
  pages={1806--1817},
  year={2008},
  publisher={Oxford Univ Press}
}

@article{jinno2010stereological,
  title={Stereological estimation of numerical densities of glutamatergic principal neurons in the mouse hippocampus},
  author={Jinno, Shozo and Kosaka, Toshio},
  journal={Hippocampus},
  volume={20},
  number={7},
  pages={829--840},
  year={2010},
  publisher={Wiley Online Library}
}

@article{lubenov2009hippocampal,
  title={Hippocampal theta oscillations are travelling waves},
  author={Lubenov, Evgueniy V and Siapas, Athanassios G},
  journal={Nature},
  volume={459},
  number={7246},
  pages={534--539},
  year={2009},
  publisher={Nature Publishing Group}
}

@article{collins2010neuron,
  title={Neuron densities vary across and within cortical areas in primates},
  author={Collins, Christine E and Airey, David C and Young, Nicole A and Leitch, Duncan B and Kaas, Jon H},
  journal={Proceedings of the National Academy of Sciences},
  volume={107},
  number={36},
  pages={15927--15932},
  year={2010},
  publisher={National Acad Sciences}
}

@article{ghafari2014prenatal,
  title={Prenatal morphine exposure reduces pyramidal neurons in CA1, CA2 and CA3 subfields of mice hippocampus},
  author={Ghafari, Soraya and Golalipour, Mohammad Jafar},
  journal={Iranian journal of basic medical sciences},
  volume={17},
  number={3},
  pages={155},
  year={2014},
  publisher={Mashhad University of Medical Sciences}
}

@article{debanne2011axon,
  title={Axon physiology},
  author={Debanne, Dominique and Campanac, Emilie and Bialowas, Andrzej and Carlier, Edmond and Alcaraz, Gis{\`e}le},
  journal={Physiological reviews},
  volume={91},
  number={2},
  pages={555--602},
  year={2011},
  publisher={Am Physiological Soc}
}

@article{fagiolo2007clustering,
  title={Clustering in complex directed networks},
  author={Fagiolo, Giorgio},
  journal={Physical Review E},
  volume={76},
  number={2},
  pages={026107},
  year={2007},
  publisher={APS}
}

@article{benucci2007standing,
  title={Standing waves and traveling waves distinguish two circuits in visual cortex},
  author={Benucci, Andrea and Frazor, Robert A and Carandini, Matteo},
  journal={Neuron},
  volume={55},
  number={1},
  pages={103--117},
  year={2007},
  publisher={Elsevier}
}

@article{miles1988spread,
  title={Spread of synchronous firing in longitudinal slices from the CA3 region of the hippocampus},
  author={Miles, Richard and Traub, Roger D and Wong, RK},
  journal={Journal of Neurophysiology},
  volume={60},
  number={4},
  pages={1481--1496},
  year={1988},
  publisher={Am Physiological Soc}
}


@article{richardson2005control,
  title={Control of traveling waves in the mammalian cortex},
  author={Richardson, Kristen A and Schiff, Steven J and Gluckman, Bruce J},
  journal={Physical review letters},
  volume={94},
  number={2},
  pages={028103},
  year={2005},
  publisher={APS}
}

@article{chervin1988periodicity,
  title={Periodicity and directionality in the propagation of epileptiform discharges across neocortex},
  author={Chervin, RD and Pierce, PA and Connors, BW},
  journal={Journal of Neurophysiology},
  volume={60},
  number={5},
  pages={1695--1713},
  year={1988},
  publisher={Am Physiological Soc}
}

@article{wu1999propagating,
  title={Propagating activation during oscillations and evoked responses in neocortical slices},
  author={Wu, Jian-young and Guan, Li and Tsau, Yang},
  journal={Journal of Neuroscience},
  volume={19},
  number={12},
  pages={5005--5015},
  year={1999},
  publisher={Soc Neuroscience}
}

@article{ermentrout2001traveling,
  title={Traveling electrical waves in cortex: insights from phase dynamics and speculation on a computational role},
  author={Ermentrout, G Bard and Kleinfeld, David},
  journal={Neuron},
  volume={29},
  number={1},
  pages={33--44},
  year={2001},
  publisher={Elsevier}
}

@article{pinto2005initiation,
  title={Initiation, propagation, and termination of epileptiform activity in rodent neocortex in vitro involve distinct mechanisms},
  author={Pinto, David J and Patrick, Saundra L and Huang, Wendy C and Connors, Barry W},
  journal={Journal of Neuroscience},
  volume={25},
  number={36},
  pages={8131--8140},
  year={2005},
  publisher={Soc Neuroscience}
}

@article{bressloff2011spatiotemporal,
  title={Spatiotemporal dynamics of continuum neural fields},
  author={Bressloff, Paul C},
  journal={Journal of Physics A: Mathematical and Theoretical},
  volume={45},
  number={3},
  pages={033001},
  year={2011},
  publisher={IOP Publishing}
}



@article{Renart2010,
author = {Renart, Alfonso and Rocha, Jaime De and Bartho, Peter and Hollender, Liad and Parga, N{\'{e}}stor and Reyes, Alex and Harris, Kenneth D},
doi = {10.1126/science.1179850.The},
file = {:E$\backslash$:/study/PhD2016/587.full.pdf:pdf},
number = {January},
pages = {587--590},
title = {The Asynchronous State in Cortical Circuits},
volume = {327},
year = {2010}
}



@article{Pyle2016,
archivePrefix = {arXiv},
arxivId = {1611.01557},
author = {Pyle, Ryan and Rosenbaum, Robert},
eprint = {1611.01557},
pages = {1--5},
title = {{Spatiotemporal dynamics and reliable computations in recurrent spiking neural networks}},
url = {http://arxiv.org/abs/1611.01557},
year = {2016}
}


@article{Rosenbaum2016,
author = {Rosenbaum, Robert and Smith, Matthew A and Kohn, Adam and Rubin, Jonathan E and Doiron, Brent},
doi = {10.1038/nn.4433},
issn = {1097-6256},
number = {October},
pages = {1--35},
pmid = {27798630},
title = {{The spatial structure of correlated neuronal variability}},
year = {2016}
}

@article{Lim2013,
author = {Lim, Sukbin and Goldman, Mark S},
doi = {10.1038/nn.3492},
isbn = {1097-6256},
issn = {1546-1726},
journal = {Nature neuroscience},
number = {9},
pages = {1306--14},
pmid = {23955560},
title = {{Balanced cortical microcircuitry for maintaining information in working memory.}},
url = {http://www.ncbi.nlm.nih.gov/pubmed/23955560},
volume = {16},
year = {2013}
}

@article{Amit1997,
author = {Amit, D J and Brunel, N},
doi = {10.1093/cercor/7.3.237},
isbn = {1047-3211 (Print)$\backslash$r1047-3211 (Linking)},
issn = {1047-3211},
journal = {Cereb Cortex},
number = {3},
pages = {237--252},
pmid = {9143444},
title = {{Model of global spontaneous activity and local structured activity during delay periods in the cerebral cortex.}},
url = {http://www.ncbi.nlm.nih.gov/pubmed/9143444},
volume = {7},
year = {1997}
}

@article{Landau2016,
author = {Landau, Itamar D and Egger, Robert and Dercksen, Vincent J and Oberlaender, Marcel and Sompolinsky, Haim},
doi = {10.1016/j.neuron.2016.10.027},
isbn = {1097-4199 (Electronic)
0896-6273 (Linking)},
issn = {0896-6273},
journal = {Neuron},
number = {5},
pages = {http://dx.doi.org/10.1016/j.neuron.2016.10.027},
pmid = {27866797},
publisher = {Elsevier Inc.},
title = {{The Impact of Structural Heterogeneity on Excitation-Inhibition Balance in Cortical Networks}},
url = {http://dx.doi.org/10.1016/j.neuron.2016.10.027},
volume = {92},
year = {2016}
}

@article{Barbieri2008,
author = {Barbieri, Francesca and Brunel, Nicolas},
doi = {10.3389/neuro.01.003.2008},
file = {:E$\backslash$:/study/PhD2016/fnins-02-114.pdf:pdf},
keywords = {integrate-and-fi re neuron,network model,prefrontal cortex,short-term depression,working memory},
number = {1},
pages = {114--122},
title = {{Can attractor network models account for the statistics of fi ring during persistent activity in prefrontal cortex ?}},
volume = {2},
year = {2008}
}

@article{Touboul2011,
archivePrefix = {arXiv},
arxivId = {1008.2839},
author = {Touboul, Jonathan D. and Ermentrout, G. Bard},
doi = {10.1007/s10827-011-0320-5},
eprint = {1008.2839},
isbn = {1573-6873 (Electronic)$\backslash$r0929-5313 (Linking)},
issn = {09295313},
journal = {Journal of Computational Neuroscience},
keywords = {Bifurcations,Dynamical systems,Markov process,Master equation,Moment equations,Neural mass equations,Wilson and Cowan system},
number = {3},
pages = {453--484},
pmid = {21384156},
title = {{Finite-size and correlation-induced effects in mean-field dynamics}},
volume = {31},
year = {2011}
}

@article{Destexhe2009,
author = {Destexhe, Alain and Sejnowski, Terrence J.},
doi = {10.1007/s00422-009-0328-3},
isbn = {0042200903},
issn = {03401200},
journal = {Biological Cybernetics},
number = {1},
pages = {1--2},
pmid = {19662434},
title = {{The Wilson-Cowan model, 36 years later}},
volume = {101},
year = {2009}
}

@article{Doiron2014,
author = {Doiron, Brent and Litwin-Kumar, Ashok},
doi = {10.3389/fncom.2014.00056},
isbn = {1662-5188 (Electronic)$\backslash$r1662-5188 (Linking)},
issn = {1662-5188},
journal = {Frontiers in computational neuroscience},
number = {May},
pages = {56},
pmid = {24904394},
title = {{Balanced neural architecture and the idling brain.}},
url = {http://www.pubmedcentral.nih.gov/articlerender.fcgi?artid=4034496{\&}tool=pmcentrez{\&}rendertype=abstract},
volume = {8},
year = {2014}
}

@article{Rosenbaum2014,
archivePrefix = {arXiv},
arxivId = {1308.6014},
author = {Rosenbaum, Robert and Doiron, Brent},
doi = {10.1103/PhysRevX.4.021039},
eprint = {1308.6014},
issn = {21603308},
journal = {Physical Review X},
number = {2},
pages = {1--9},
title = {{Balanced networks of spiking neurons with spatially dependent recurrent connections}},
volume = {4},
year = {2014}
}

@article{Renart2007,
annote = {Note worth reading coz result is wrong.},
author = {Renart, Alfonso and Moreno-Bote, Rub{\'{e}}n and Wang, Xiao-Jing and Parga, N{\'{e}}stor},
doi = {10.1162/neco.2007.19.1.1},
isbn = {0899-7667 (Print)},
issn = {0899-7667},
journal = {Neural computation},
number = {1},
pages = {1--46},
pmid = {17134316},
title = {{Mean-driven and fluctuation-driven persistent activity in recurrent networks.}},
url = {http://www.ncbi.nlm.nih.gov/pubmed/17134316},
volume = {19},
year = {2007}
}


@article{Roudi2007,
archivePrefix = {arXiv},
arxivId = {0704.3005},
author = {Roudi, Yasser and Latham, Peter E.},
doi = {10.1371/journal.pcbi.0030141},
eprint = {0704.3005},
isbn = {1553-734X},
issn = {1553734X},
journal = {PLoS Computational Biology},
number = {9},
pages = {1679--1700},
pmid = {17845070},
title = {{A balanced memory network}},
volume = {3},
year = {2007}
}

@article{Pyle2016a,
archivePrefix = {arXiv},
arxivId = {1611.01557},
author = {Pyle, Ryan and Rosenbaum, Robert},
doi = {10.1103/PhysRevLett.118.018103},
eprint = {1611.01557},
issn = {0031-9007},
journal = {Arxiv},
pages = {1--5},
title = {{Spatiotemporal dynamics and reliable computations in recurrent spiking neural networks [Supplementary Material]}},
url = {http://arxiv.org/abs/1611.01557},
year = {2016}
}


@article{Brunel2000,
doi = {10.1016/S0928-4257(00)01084-6},
isbn = {0929-5313},
issn = {09284257},
journal = {Computational Neuroscience},
pages = {183--208},
pmid = {11165912},
title = {{Dynamics of sparsely connected networls of excitatory and inhibitory neurons}},
volume = {8},
year = {2000}
}

@article{Deneve2016,
author = {Den{\`{e}}ve, Sophie and Machens, Christian K},
doi = {10.1038/nn.4243},
issn = {1097-6256},
number = {March},
pages = {375--382},
pmid = {26906504},
title = {{review Efficient codes and balanced networks}},
volume = {19},
year = {2016}
}

@article{Pyle2016b,
archivePrefix = {arXiv},
arxivId = {1611.01557},
author = {Pyle, Ryan and Rosenbaum, Robert},
doi = {10.1103/PhysRevLett.118.018103},
eprint = {1611.01557},
issn = {0031-9007},
journal = {Physical Review Letters},
number = {January},
pages = {1--5},
title = {{Spatiotemporal dynamics and reliable computations in recurrent spiking neural networks}},
url = {http://arxiv.org/abs/1611.01557},
volume = {018103},
year = {2016}
}

@article{Brunel2000a,
author = {Brunel, N and Brunel, N},
doi = {10.1023/A:1008925309027},
journal = {Neurocomputing},
pages = {307--312},
title = {{Phase diagrams of sparsely connected networks of excitatory and inhibitory spiking neurons}},
volume = {32-33},
year = {2000}
}



@article{Schuecker2015,
archivePrefix = {arXiv},
arxivId = {1411.0432},
author = {Schuecker, Jannis and Diesmann, Markus and Helias, Moritz},
doi = {10.1103/PhysRevE.92.052119},
eprint = {1411.0432},
issn = {15502376},
journal = {Physical Review E - Statistical, Nonlinear, and Soft Matter Physics},
number = {5},
pages = {1--11},
pmid = {26651659},
title = {{Modulated escape from a metastable state driven by colored noise}},
volume = {92},
year = {2015}
}


@article{Fourcaud2002,
author = {Fourcaud, Nicolas and Brunel, Nicolas},
doi = {10.1162/089976602320264015},
isbn = {0899-7667 (Print)},
issn = {0899-7667},
journal = {Neural computation},
number = {9},
pages = {2057--2110},
pmid = {12184844},
title = {{Dynamics of the firing probability of noisy integrate-and-fire neurons.}},
volume = {14},
year = {2002}
}


@article{Neuroscience2010,
author = {Neuroscience, Computational},
doi = {10.3389/neuro.10.029.2009},
issn = {16625188},
journal = {Neuroscience},
number = {January},
pages = {1--17},
pmid = {20130755},
title = {{Equilibrium and response properties of the integrate-and-fi re neuron in discrete time}},
url = {http://www.pubmedcentral.nih.gov/articlerender.fcgi?artid=2805428{\&}tool=pmcentrez{\&}rendertype=abstract{\%}5Cnhttp://www.ncbi.nlm.nih.gov/pubmed/20130755},
volume = {3},
year = {2010}
}


@article{Kovacic2009,
author = {Kova{\v{c}}i{\v{c}}, Gregor and Tao, Louis and Rangan, Aaditya V. and Cai, David},
doi = {10.1103/PhysRevE.80.021904},
isbn = {1539-3755 (Print)$\backslash$r1539-3755 (Linking)},
issn = {15393755},
journal = {Physical Review E - Statistical, Nonlinear, and Soft Matter Physics},
number = {2},
pages = {1--15},
pmid = {19792148},
title = {{Fokker-planck description of conductance-based integrate-and-fire neuronal networks}},
volume = {80},
year = {2009}
}


@article{Badel2008,
author = {Badel, Laurent and Gerstner, Wulfram and Richardson, Magnus J E},
doi = {10.1103/PhysRevE.78.011914},
isbn = {1539-3755 (Print)$\backslash$n1539-3755 (Linking)},
issn = {15393755},
journal = {Physical Review E - Statistical, Nonlinear, and Soft Matter Physics},
number = {1},
pages = {1--13},
pmid = {18763989},
title = {{Spike-triggered averages for passive and resonant neurons receiving filtered excitatory and inhibitory synaptic drive}},
volume = {78},
year = {2008}
}

@article{Bos2016,
archivePrefix = {arXiv},
arxivId = {1510.00642},
author = {Bos, Hannah and Diesmann, Markus and Helias, Moritz},
doi = {10.1371/journal.pcbi.1005132},
eprint = {1510.00642},
issn = {15537358},
journal = {PLoS Computational Biology},
number = {10},
pages = {1--34},
pmid = {27736873},
title = {{Identifying Anatomical Origins of Coexisting Oscillations in the Cortical Microcircuit}},
volume = {12},
year = {2016}
}



@article{Ledoux2011,
author = {Ledoux, Erwan and Brunel, Nicolas},
doi = {10.3389/fncom.2011.00025},
isbn = {1662-5188 (Electronic)$\backslash$r1662-5188 (Linking)},
issn = {1662-5188},
journal = {Frontiers in computational neuroscience},
keywords = {dynamics of neural networks,feed-forward,feedback inhibition,inhibition,leaky integrate-and-fire neuron,sinusoidal inputs,synaptic connectivity,ti,time-dependent inputs,transfer function},
number = {May},
pages = {25},
pmid = {21647353},
title = {{Dynamics of networks of excitatory and inhibitory neurons in response to time-dependent inputs.}},
volume = {5},
year = {2011}
}


@article{Richardson2007,
author = {Richardson, Magnus J E},
doi = {10.1103/PhysRevE.76.021919},
issn = {15393755},
journal = {Physical Review E - Statistical, Nonlinear, and Soft Matter Physics},
number = {2},
pages = {1--15},
pmid = {17930077},
title = {{Firing-rate response of linear and nonlinear integrate-and-fire neurons to modulated current-based and conductance-based synaptic drive}},
volume = {76},
year = {2007}
}


@article{Deco2008,
author = {Deco, Gustavo and Jirsa, Viktor K. and Robinson, Peter A. and Breakspear, Michael and Friston, Karl},
doi = {10.1371/journal.pcbi.1000092},
isbn = {1553-7358 (Electronic)$\backslash$r1553-734X (Linking)},
issn = {1553734X},
journal = {PLoS Computational Biology},
number = {8},
pmid = {18769680},
title = {{The dynamic brain: From spiking neurons to neural masses and cortical fields}},
volume = {4},
year = {2008}
}


@article{Nykamp2001,
doi = {10.1162/089976601300014448},
isbn = {0899-7667},
issn = {0899-7667},
journal = {Neural Computation},
number = {3},
pages = {511--546},
pmid = {11244554},
title = {{A population density approach that facilitates large-scale modeling of neural networks: Extension to slow inhibitory synapses}},
url = {http://www.mitpressjournals.org/doi/abs/10.1162/089976601300014448{\%}5Cnpapers3://publication/uuid/55E652AF-D1A8-4365-B5F7-D6A312E6C1E9},
volume = {13},
year = {2001}
}


@article{Denisov2009,
archivePrefix = {arXiv},
arxivId = {0808.0274},
author = {Denisov, S. I. and Horsthemke, W. and H{\"{a}}nggi, P.},
doi = {10.1140/epjb/e2009-00126-3},
eprint = {0808.0274},
isbn = {1434-6028},
issn = {14346028},
journal = {European Physical Journal B},
number = {4},
pages = {567--575},
title = {{Generalized Fokker-Planck equation: Derivation and exact solutions}},
volume = {68},
year = {2009}
}


@article{Richardson2004,
author = {Richardson, Magnus J E},
doi = {10.1103/PhysRevE.69.051918},
issn = {1539-3755},
journal = {Physical review. E, Statistical, nonlinear, and soft matter physics},
number = {5 Pt 1},
pages = {051918},
pmid = {15244858},
title = {{Effects of synaptic conductance on the voltage distribution and firing rate of spiking neurons.}},
volume = {69},
year = {2004}
}

@article{Ocker2017,
archivePrefix = {arXiv},
arxivId = {1703.03132},
author = {Ocker, Gabriel Koch and Hu, Yu and Buice, Michael A and Doiron, Brent and Shea-brown, Eric},
eprint = {1703.03132},
journal = {bioRxiv},
pages = {1--17},
title = {{From the statistics of connectivity to the statistics of spike times in neuronal networks}},
year = {2017}
}

@article{Richardson2009,
author = {Richardson, Magnus J E},
doi = {10.1103/PhysRevE.80.021928},
isbn = {1539-3755},
issn = {15393755},
journal = {Physical Review E - Statistical, Nonlinear, and Soft Matter Physics},
number = {2},
pages = {1--16},
pmid = {19792172},
title = {{Dynamics of populations and networks of neurons with voltage-activated and calcium-activated currents}},
volume = {80},
year = {2009}
}

@article{Richardson2006,
author = {Richardson, Magnus J E and Gerstner, Wulfram},
doi = {10.1063/1.2203409},
isbn = {1054-1500 (Print)},
issn = {10541500},
journal = {Chaos},
number = {2},
pages = {1--10},
pmid = {16822038},
title = {{Statistics of subthreshold neuronal voltage fluctuations due to conductance-based synaptic shot noise}},
volume = {16},
year = {2006}
}

@article{Rosenbaum2016a,
annote = {NULL},
author = {Rosenbaum, Robert},
doi = {10.3389/fncom.2016.00039},
issn = {1662-5188},
journal = {Frontiers in Computational Neuroscience},
number = {April},
pages = {1--20},
title = {{A Diffusion Approximation and Numerical Methods for Adaptive Neuron Models with Stochastic Inputs}},
url = {http://journal.frontiersin.org/article/10.3389/fncom.2016.00039},
volume = {10},
year = {2016}
}


@article{klinshov2014dense,
  title={Dense neuron clustering explains connectivity statistics in cortical microcircuits},
  author={Klinshov, Vladimir V and Teramae, Jun-nosuke and Nekorkin, Vladimir I and Fukai, Tomoki},
  journal={PloS one},
  volume={9},
  number={4},
  pages={e94292},
  year={2014},
  publisher={Public Library of Science}
}

@article{sullivan2011relationships,
  title={Relationships between hippocampal sharp waves, ripples, and fast gamma oscillation: influence of dentate and entorhinal cortical activity},
  author={Sullivan, David and Csicsvari, Jozsef and Mizuseki, Kenji and Montgomery, Sean and Diba, Kamran and Buzs{\'a}ki, Gy{\"o}rgy},
  journal={Journal of Neuroscience},
  volume={31},
  number={23},
  pages={8605--8616},
  year={2011},
  publisher={Soc Neuroscience}
}

@article {Vegue118471,
	author = {Vegue, Marina and Perin, Rodrigo and Roxin, Alex},
	title = {On The Structure Of Cortical Micro-Circuits Inferred From Small Sample Sizes},
	year = {2017},
	doi = {10.1101/118471},
	publisher = {Cold Spring Harbor Labs Journals},
	URL = {http://www.biorxiv.org/content/early/2017/03/20/118471},
	eprint = {http://www.biorxiv.org/content/early/2017/03/20/118471.full.pdf},
	journal = {bioRxiv}
}


@article{luczak2007sequential,
  title={Sequential structure of neocortical spontaneous activity in vivo},
  author={Luczak, Artur and Barth{\'o}, Peter and Marguet, Stephan L and Buzs{\'a}ki, Gy{\"o}rgy and Harris, Kenneth D},
  journal={Proceedings of the National Academy of Sciences},
  volume={104},
  number={1},
  pages={347--352},
  year={2007},
  publisher={National Acad Sciences}
}

@article{rubinov2010complex,
  title={Complex network measures of brain connectivity: uses and interpretations},
  author={Rubinov, Mikail and Sporns, Olaf},
  journal={Neuroimage},
  volume={52},
  number={3},
  pages={1059--1069},
  year={2010},
  publisher={Elsevier}
}
@article{nigam2016rich,
  title={Rich-club organization in effective connectivity among cortical neurons},
  author={Nigam, Sunny and Shimono, Masanori and Ito, Shinya and Yeh, Fang-Chin and Timme, Nicholas and Myroshnychenko, Maxym and Lapish, Christopher C and Tosi, Zachary and Hottowy, Pawel and Smith, Wesley C and others},
  journal={Journal of Neuroscience},
  volume={36},
  number={3},
  pages={670--684},
  year={2016},
  publisher={Soc Neuroscience}
}

@article{okun2015diverse,
  title={Diverse coupling of neurons to populations in sensory cortex},
  author={Okun, Michael and Steinmetz, Nicholas A and Cossell, Lee and Iacaruso, M Florencia and Ko, Ho and Barth{\'o}, P{\'e}ter and Moore, Tirin and Hofer, Sonja B and Mrsic-Flogel, Thomas D and Carandini, Matteo and others},
  journal={Nature},
  volume={521},
  number={7553},
  pages={511--515},
  year={2015},
  publisher={Nature Research}
}

@article{rosenbaum2016spatial,
  title={The spatial structure of correlated neuronal variability},
  author={Rosenbaum, Robert and Smith, Matthew A and Kohn, Adam and Rubin, Jonathan E and Doiron, Brent},
  journal={Nature Neuroscience},
  year={2016},
  publisher={Nature Research}
}

@article{tan2014sensory,
  title={Sensory stimulation shifts visual cortex from synchronous to asynchronous states},
  author={Tan, Andrew YY and Chen, Yuzhi and Scholl, Benjamin and Seidemann, Eyal and Priebe, Nicholas J},
  journal={Nature},
  volume={509},
  number={7499},
  pages={226--229},
  year={2014},
  publisher={Nature Research}
}

@article{cossell2015functional,
  title={Functional organization of excitatory synaptic strength in primary visual cortex},
  author={Cossell, Lee and Iacaruso, Maria Florencia and Muir, Dylan R and Houlton, Rachael and Sader, Elie N and Ko, Ho and Hofer, Sonja B and Mrsic-Flogel, Thomas D},
  journal={Nature},
  volume={518},
  number={7539},
  pages={399--403},
  year={2015},
  publisher={Nature Research}
}

@article{holmgren2003pyramidal,
  title={Pyramidal cell communication within local networks in layer 2/3 of rat neocortex},
  author={Holmgren, Carl and Harkany, Tibor and Svennenfors, Bj{\"o}rn and Zilberter, Yuri},
  journal={The Journal of physiology},
  volume={551},
  number={1},
  pages={139--153},
  year={2003},
  publisher={Wiley Online Library}
}

@article{fino2011dense,
  title={Dense inhibitory connectivity in neocortex},
  author={Fino, Elodie and Yuste, Rafael},
  journal={Neuron},
  volume={69},
  number={6},
  pages={1188--1203},
  year={2011},
  publisher={Elsevier}
}

@article{meinecke1987gaba,
  title={GABA immunoreactive neurons in rat visual cortex},
  author={Meinecke, Douglas L and Peters, Alan},
  journal={Journal of Comparative Neurology},
  volume={261},
  number={3},
  pages={388--404},
  year={1987},
  publisher={Wiley Online Library}
}

@article{collins2010neuron,
  title={Neuron densities vary across and within cortical areas in primates},
  author={Collins, Christine E and Airey, David C and Young, Nicole A and Leitch, Duncan B and Kaas, Jon H},
  journal={Proceedings of the National Academy of Sciences},
  volume={107},
  number={36},
  pages={15927--15932},
  year={2010},
  publisher={National Acad Sciences}
}

@article{perin2011synaptic,
  title={A synaptic organizing principle for cortical neuronal groups},
  author={Perin, Rodrigo and Berger, Thomas K and Markram, Henry},
  journal={Proceedings of the National Academy of Sciences},
  volume={108},
  number={13},
  pages={5419--5424},
  year={2011},
  publisher={National Acad Sciences}
}

@article{malerba2016hippocampal,
  title={Hippocampal CA1 Ripples as Inhibitory Transients},
  author={Malerba, Paola and Krishnan, Giri P and Fellous, Jean-Marc and Bazhenov, Maxim},
  journal={PLoS Comput Biol},
  volume={12},
  number={4},
  pages={e1004880},
  year={2016},
  publisher={Public Library of Science}
}

@article{rosenbaum2014balanced,
  title={Balanced networks of spiking neurons with spatially dependent recurrent connections},
  author={Rosenbaum, Robert and Doiron, Brent},
  journal={Physical Review X},
  volume={4},
  number={2},
  pages={021039},
  year={2014},
  publisher={APS}
}

@article{deneve2016efficient,
  title={Efficient codes and balanced networks},
  author={Den{\`e}ve, Sophie and Machens, Christian K},
  journal={Nature neuroscience},
  volume={19},
  number={3},
  pages={375--382},
  year={2016},
  publisher={Nature Publishing Group}
}

@article{pyle2016highly,
  title={Highly connected neurons spike less frequently in balanced networks},
  author={Pyle, Ryan and Rosenbaum, Robert},
  journal={Physical Review E},
  volume={93},
  number={4},
  pages={040302},
  year={2016},
  publisher={APS}
}

@article{dragoi2011preplay,
  title={Preplay of future place cell sequences by hippocampal cellular assemblies},
  author={Dragoi, George and Tonegawa, Susumu},
  journal={Nature},
  volume={469},
  number={7330},
  pages={397--401},
  year={2011},
  publisher={Nature Publishing Group}
}

@article{azizi2013computational,
  title={A computational model for preplay in the hippocampus},
  author={Azizi, Amir Hossein and Wiskott, Laurenz and Cheng, Sen},
  journal={Frontiers in computational neuroscience},
  volume={7},
  pages={161},
  year={2013},
  publisher={Frontiers}
}

@article{romani2015short,
  title={Short-term plasticity based network model of place cells dynamics},
  author={Romani, Sandro and Tsodyks, Misha},
  journal={Hippocampus},
  volume={25},
  number={1},
  pages={94--105},
  year={2015},
  publisher={Wiley Online Library}
}

@article{foster2006reverse,
  title={Reverse replay of behavioural sequences in hippocampal place cells during the awake state},
  author={Foster, David J and Wilson, Matthew A},
  journal={Nature},
  volume={440},
  number={7084},
  pages={680--683},
  year={2006},
  publisher={Nature Publishing Group}
}

@article{davidson2009hippocampal,
  title={Hippocampal replay of extended experience},
  author={Davidson, Thomas J and Kloosterman, Fabian and Wilson, Matthew A},
  journal={Neuron},
  volume={63},
  number={4},
  pages={497--507},
  year={2009},
  publisher={Elsevier}
}

@article{gupta2010hippocampal,
  title={Hippocampal replay is not a simple function of experience},
  author={Gupta, Anoopum S and van der Meer, Matthijs AA and Touretzky, David S and Redish, A David},
  journal={Neuron},
  volume={65},
  number={5},
  pages={695--705},
  year={2010},
  publisher={Elsevier}
}


@article{taxidis2015local,
  title={Local field potentials encode place cell ensemble activation during hippocampal sharp wave ripples},
  author={Taxidis, Jiannis and Anastassiou, Costas A and Diba, Kamran and Koch, Christof},
  journal={Neuron},
  volume={87},
  number={3},
  pages={590--604},
  year={2015},
  publisher={Elsevier}
}

@article{traub2000model,
  title={A model of high-frequency ripples in the hippocampus based on synaptic coupling plus axon--axon gap junctions between pyramidal neurons},
  author={Traub, Roger D and Bibbig, Andrea},
  journal={The Journal of Neuroscience},
  volume={20},
  number={6},
  pages={2086--2093},
  year={2000},
  publisher={Soc Neuroscience}
}


@article{treves1993mean,
  title={Mean-field analysis of neuronal spike dynamics},
  author={Treves, Alessandro},
  journal={Network: Computation in Neural Systems},
  volume={4},
  number={3},
  pages={259--284},
  year={1993},
  publisher={Taylor \& Francis}
}

@article{van1998chaotic,
  title={Chaotic balanced state in a model of cortical circuits},
  author={van Vreeswijk, Carl and Sompolinsky, Haim},
  journal={Neural computation},
  volume={10},
  number={6},
  pages={1321--1371},
  year={1998},
  publisher={MIT Press}
}

@article{madison1984control,
  title={Control of the repetitive discharge of rat {CA1} pyramidal neurones in vitro.},
  author={Madison, DV and Nicoll, RA},
  journal={The Journal of Physiology},
  volume={354},
  pages={319},
  year={1984},
  publisher={Wiley-Blackwell}
}

@article{frerking2005spike,
  title={Spike timing in {CA3} pyramidal cells during behavior: implications for synaptic transmission},
  author={Frerking, Matthew and Schulte, Jessica and Wiebe, SP and St{\"a}ubli, U},
  journal={Journal of neurophysiology},
  volume={94},
  number={2},
  pages={1528--1540},
  year={2005},
  publisher={Am Physiological Soc}
}

@article{hemond2008distinct,
  title={Distinct classes of pyramidal cells exhibit mutually exclusive firing patterns in hippocampal area {CA}3b},
  author={Hemond, Peter and Epstein, Daniel and Boley, Angela and Migliore, Michele and Ascoli, Giorgio A and Jaffe, David B},
  journal={Hippocampus},
  volume={18},
  number={4},
  pages={411--424},
  year={2008},
  publisher={Wiley Online Library}
}

@article{mazzoni2008encoding,
  title={Encoding of naturalistic stimuli by local field potential spectra in networks of excitatory and inhibitory neurons},
  author={Mazzoni, Alberto and Panzeri, Stefano and Logothetis, Nikos K and Brunel, Nicolas},
  journal={PLoS Comput Biol},
  volume={4},
  number={12},
  pages={e1000239},
  year={2008},
  publisher={Public Library of Science}
}

@article{yingxue2016synchronized,
  title={Synchronized excitability in a network enables generation of internal neuronal sequences},
  author={Yingxue, Wang and Roth, Zachary and Pastalkova, Eva},
  journal={eLife},
  volume={5},
  pages={e20697},
  year={2016},
  publisher={eLife Sciences Publications Limited}
}

@article{csicsvari1999oscillatory,
  title={Oscillatory coupling of hippocampal pyramidal cells and interneurons in the behaving rat},
  author={Csicsvari, Jozsef and Hirase, Hajime and Czurk{\'o}, Andr{\'a}s and Mamiya, Akira and Buzs{\'a}ki, Gy{\"o}rgy},
  journal={The Journal of neuroscience},
  volume={19},
  number={1},
  pages={274--287},
  year={1999},
  publisher={Soc Neuroscience}
}

@article{omura2015lognormal,
  title={A lognormal recurrent network model for burst generation during hippocampal sharp waves},
  author={Omura, Yoshiyuki and Carvalho, Milena M and Inokuchi, Kaoru and Fukai, Tomoki},
  journal={The Journal of Neuroscience},
  volume={35},
  number={43},
  pages={14585--14601},
  year={2015},
  publisher={Soc Neuroscience}
}

@article{okun2015diverse,
  title={Diverse coupling of neurons to populations in sensory cortex},
  author={Okun, Michael and Steinmetz, Nicholas A and Cossell, Lee and Iacaruso, M Florencia and Ko, Ho and Barth{\'o}, P{\'e}ter and Moore, Tirin and Hofer, Sonja B and Mrsic-Flogel, Thomas D and Carandini, Matteo and others},
  journal={Nature},
  volume={521},
  number={7553},
  pages={511--515},
  year={2015},
  publisher={Nature Research}
}

@article{patel2013local,
  title={Local generation and propagation of ripples along the septotemporal axis of the hippocampus},
  author={Patel, Jagdish and Schomburg, Erik W and Ber{\'e}nyi, Antal and Fujisawa, Shigeyoshi and Buzs{\'a}ki, Gy{\"o}rgy},
  journal={The Journal of Neuroscience},
  volume={33},
  number={43},
  pages={17029--17041},
  year={2013},
  publisher={Soc Neuroscience}
}

@article{mizuseki2013preconfigured,
  title={Preconfigured, skewed distribution of firing rates in the hippocampus and entorhinal cortex},
  author={Mizuseki, Kenji and Buzs{\'a}ki, Gy{\"o}rgy},
  journal={Cell reports},
  volume={4},
  number={5},
  pages={1010--1021},
  year={2013},
  publisher={Elsevier}
}

@article{buzsaki2015hippocampal,
  title={Hippocampal sharp wave-ripple: A cognitive biomarker for episodic memory and planning},
  author={Buzs{\'a}ki, Gy{\"o}rgy},
  journal={Hippocampus},
  volume={25},
  number={10},
  pages={1073--1188},
  year={2015},
  publisher={Wiley Online Library}
}

@article{yahav2012generating,
  title={On generating multivariate Poisson data in management science applications},
  author={Yahav, Inbal and Shmueli, Galit},
  journal={Applied Stochastic Models in Business and Industry},
  volume={28},
  number={1},
  pages={91--102},
  year={2012},
  publisher={Wiley Online Library}
}

@article{buzsaki2004large,
  title={Large-scale recording of neuronal ensembles},
  author={Buzs{\'a}ki, Gy{\"o}rgy},
  journal={Nature neuroscience},
  volume={7},
  number={5},
  pages={446--451},
  year={2004},
  publisher={Nature Publishing Group}
}

@article{katzner2009local,
  title={Local origin of field potentials in visual cortex},
  author={Katzner, Steffen and Nauhaus, Ian and Benucci, Andrea and Bonin, Vincent and Ringach, Dario L and Carandini, Matteo},
  journal={Neuron},
  volume={61},
  number={1},
  pages={35--41},
  year={2009},
  publisher={Elsevier}
}

@article{english2014excitation,
  title={Excitation and inhibition compete to control spiking during hippocampal ripples: intracellular study in behaving mice},
  author={English, Daniel F and Peyrache, Adrien and Stark, Eran and Roux, Lisa and Vallentin, Daniela and Long, Michael A and Buzs{\'a}ki, Gy{\"o}rgy},
  journal={The Journal of Neuroscience},
  volume={34},
  number={49},
  pages={16509--16517},
  year={2014},
  publisher={Soc Neuroscience}
}

@article{rubinov2010complex,
  title={Complex network measures of brain connectivity: uses and interpretations},
  author={Rubinov, Mikail and Sporns, Olaf},
  journal={Neuroimage},
  volume={52},
  number={3},
  pages={1059--1069},
  year={2010},
  publisher={Elsevier}
}

@article{van2011rich,
  title={Rich-club organization of the human connectome},
  author={Van Den Heuvel, Martijn P and Sporns, Olaf},
  journal={Journal of Neuroscience},
  volume={31},
  number={44},
  pages={15775--15786},
  year={2011},
  publisher={Soc Neuroscience}
}

@article{alstott2014unifying,
  title={A Unifying Framework for Measuring Weighted Rich Clubs},
  author={Alstott, Jeff and Panzarasa, Pietro and Rubinov, Mikail and Bullmore, Edward T and V{\'e}rtes, Petra E},
  journal={Scientific Reports},
  volume={4},
  pages={7258},
  year={2014},
  publisher={Nature Publishing Group}
}

@article{song2005highly,
  title={Highly nonrandom features of synaptic connectivity in local cortical circuits},
  author={Song, Sen and Sj{\"o}str{\"o}m, Per Jesper and Reigl, Markus and Nelson, Sacha and Chklovskii, Dmitri B},
  journal={PLoS Biol},
  volume={3},
  number={3},
  pages={e68},
  year={2005},
  publisher={Public Library of Science}
}

@article{haider2006neocortical,
  title={Neocortical network activity in vivo is generated through a dynamic balance of excitation and inhibition},
  author={Haider, Bilal and Duque, Alvaro and Hasenstaub, Andrea R and McCormick, David A},
  journal={The Journal of neuroscience},
  volume={26},
  number={17},
  pages={4535--4545},
  year={2006},
  publisher={Soc Neuroscience}
}


@article{roxin2011role,
  title={The role of degree distribution in shaping the dynamics in networks of sparsely connected spiking neurons},
  author={Roxin, Alex},
  year={2011},
  publisher={Citeseer}
}

@article{hu2014fast,
  title={Fast-spiking, parvalbumin+ GABAergic interneurons: From cellular design to microcircuit function},
  author={Hu, Hua and Gan, Jian and Jonas, Peter},
  journal={Science},
  volume={345},
  number={6196},
  pages={1255263},
  year={2014},
  publisher={American Association for the Advancement of Science}
}

@article{fino2011dense,
  title={Dense inhibitory connectivity in neocortex},
  author={Fino, Elodie and Yuste, Rafael},
  journal={Neuron},
  volume={69},
  number={6},
  pages={1188--1203},
  year={2011},
  publisher={Elsevier}
}


@article{begeer2013verbal,
  title={Verbal fluency in children with autism spectrum disorders: clustering and switching strategies},
  author={Begeer, Sander and Wierda, Marlies and Scheeren, Anke M and Teunisse, Jan-Pieter and Koot, Hans M and Geurts, Hilde M},
  journal={Autism},
  year={2014},
  volume={18},
  number={8},
  pages={1014--1018},
  publisher={SAGE Publications}
}


@article{destexhe1994efficient,
  title={An efficient method for computing synaptic conductances based on a kinetic model of receptor binding},
  author={Destexhe, Alain and Mainen, Zachary F and Sejnowski, Terrence J},
  journal={Neural Computation},
  volume={6},
  number={1},
  pages={14--18},
  year={1994},
  publisher={MIT Press}
}

@article{uhlenbeck1930theory,
  title={On the theory of the Brownian motion},
  author={Uhlenbeck, George E and Ornstein, Leonard S},
  journal={Physical Review},
  volume={36},
  number={5},
  pages={823},
  year={1930},
  publisher={APS}
}

@book{risken1984fokker,
  title={Fokker-Planck Equation},
  author={Risken, Hannes},
  year={1984},
  publisher={Springer}
}

@book{gillespie1991markov,
  title={Markov processes: an introduction for physical scientists},
  author={Gillespie, Daniel T},
  year={1991},
  publisher={Elsevier}
}


@article{wilson1972excitatory,
  title={Excitatory and inhibitory interactions in localized populations of model neurons},
  author={Wilson, Hugh R and Cowan, Jack D},
  journal={Biophysical Journal},
  volume={12},
  number={1},
  pages={1},
  year={1972},
  publisher={The Biophysical Society}
}

@book{tuckwell2005introduction,
  title={Introduction to Theoretical Neurobiology: Volume 2, Nonlinear and Stochastic Theories},
  author={Tuckwell, Henry C},
  year={2005},
  publisher={Cambridge University Press}
}

@Article{Gu2016,
author="Gu, Yifan
and Gong, Pulin",
title="The dynamics of memory retrieval in hierarchical networks",
journal="Journal of Computational Neuroscience",
year="2016",
volume="40",
number="3",
pages="247--268",
issn="1573-6873",
doi="10.1007/s10827-016-0595-7",
url="http://dx.doi.org/10.1007/s10827-016-0595-7"
}

@article{pernice2013relevance,
  title={The relevance of network micro-structure for neural dynamics},
  author={Pernice, Volker and Deger, Moritz and Cardanobile, Stefano and Rotter, Stefan},
  journal={Frontiers in computational neuroscience},
  volume={7},
  pages={72},
  year={2013},
  publisher={Frontiers}
}


@article{litwin2012slow,
  title={Slow dynamics and high variability in balanced cortical networks with clustered connections},
  author={Litwin-Kumar, Ashok and Doiron, Brent},
  journal={Nature Neuroscience},
  volume={15},
  number={11},
  pages={1498--1505},
  year={2012},
  publisher={Nature Publishing Group}
}

@article{packer2011dense,
  title={Dense, unspecific connectivity of neocortical parvalbumin-positive interneurons: a canonical microcircuit for inhibition?},
  author={Packer, Adam M and Yuste, Rafael},
  journal={The Journal of Neuroscience},
  volume={31},
  number={37},
  pages={13260--13271},
  year={2011},
  publisher={Society for Neuroscience}
}

@article{buzsaki2014log,
  title={The log-dynamic brain: how skewed distributions affect network operations},
  author={Buzs{\'a}ki, Gy{\"o}rgy and Mizuseki, Kenji},
  journal={Nature Reviews Neuroscience},
  year={2014},
  publisher={Nature Publishing Group}
}


@article{kaiser2010hierarchy,
  title={Hierarchy and dynamics of neural networks},
  author={Kaiser, Marcus and Hilgetag, Claus C and K{\"o}tter, Rolf},
  journal={Frontiers in Neuroinformatics},
  volume={4},
  year={2010},
  publisher={Frontiers Research Foundation}
}

@book{braitenberg1991anatomy,
  title={Anatomy of the cortex: statistics and geometry.},
  author={Braitenberg, Valentino and Sch{\"u}z, Almut},
  year={1991},
  publisher={Springer-Verlag Publishing}
}


@article{cohen2011measuring,
  title={Measuring and interpreting neuronal correlations},
  author={Cohen, Marlene R and Kohn, Adam},
  journal={Nature Neuroscience},
  volume={14},
  number={7},
  pages={811--819},
  year={2011},
  publisher={Nature Publishing Group}
}


@article{mcginley2013hierarchical,
  title={Hierarchical excitatory synaptic connectivity in mouse olfactory cortex},
  author={McGinley, Matthew J and Westbrook, Gary L},
  journal={Proceedings of the National Academy of Sciences},
  volume={110},
  number={40},
  pages={16193--16198},
  year={2013},
  publisher={National Academy of Sciences}
}

@article{ambros1990simulation,
  title={Simulation of paleocortex performs hierarchical clustering},
  author={Ambros-Ingerson, Jose and Granger, Richard and Lynch, Gary},
  journal={Science},
  volume={247},
  number={4948},
  pages={1344--1348},
  year={1990},
  publisher={American Association for the Advancement of Science}
}

@article{voss1992evolution,
  title={Evolution of long-range fractal correlations and 1/f noise in {DNA} base sequences},
  author={Voss, Richard F},
  journal={Physical Review Letters},
  volume={68},
  number={25},
  pages={3805},
  year={1992},
  publisher={APS}
}

@article{okun2008instantaneous,
  title={Instantaneous correlation of excitation and inhibition during ongoing and sensory-evoked activities},
  author={Okun, Michael and Lampl, Ilan},
  journal={Nature Neuroscience},
  volume={11},
  number={5},
  pages={535--537},
  year={2008},
  publisher={Nature Publishing Group}
}

@article{shadlen1994noise,
  title={Noise, neural codes and cortical organization},
  author={Shadlen, Michael N and Newsome, William T},
  journal={Current Opinion in Neurobiology},
  volume={4},
  number={4},
  pages={569--579},
  year={1994},
  publisher={Elsevier}
}

@article{van1996chaos,
  title={Chaos in neuronal networks with balanced excitatory and inhibitory activity},
  author={van Vreeswijk, Carl and Sompolinsky, Haim},
  journal={Science},
  volume={274},
  number={5293},
  pages={1724--1726},
  year={1996},
  publisher={American Association for the Advancement of Science}
}

@article{benayoun2010avalanches,
  title={Avalanches in a stochastic model of spiking neurons},
  author={Benayoun, Marc and Cowan, Jack D and van Drongelen, Wim and Wallace, Edward},
  journal={PLoS Computational Biology},
  volume={6},
  number={7},
  pages={e1000846},
  year={2010},
  publisher={Public Library of Science}
}

@article{beggs2003neuronal,
  title={Neuronal avalanches in neocortical circuits},
  author={Beggs, John M and Plenz, Dietmar},
  journal={The Journal of Neuroscience},
  volume={23},
  number={35},
  pages={11167--11177},
  year={2003},
  publisher={Society for Neuroscience}
}


@article{troyer1997clustering,
  title={Clustering and switching as two components of verbal fluency: evidence from younger and older healthy adults},
  author={Troyer, Angela K and Moscovitch, Morris and Winocur, Gordon},
  journal={Neuropsychology},
  volume={11},
  number={1},
  pages={138},
  year={1997},
  publisher={American Psychological Association}
}

@article{troyer1998clustering,
  title={Clustering and switching on verbal fluency tests in Alzheimer's and Parkinson's disease},
  author={Troyer, Angela K and Moscovitch, Morris and Winocur, Gordon and Leach, Larry and Freedman, Morris},
  journal={Journal of the International Neuropsychological Society},
  volume={4},
  number={02},
  pages={137--143},
  year={1998},
  publisher={Cambridge University Press}
}

@article{yizhar2011neocortical,
  title={Neocortical excitation/inhibition balance in information processing and social dysfunction},
  author={Yizhar, Ofer and Fenno, Lief E and Prigge, Matthias and Schneider, Franziska and Davidson, Thomas J and O’Shea, Daniel J and Sohal, Vikaas S and Goshen, Inbal and Finkelstein, Joel and Paz, Jeanne T and others},
  journal={Nature},
  volume={477},
  number={7363},
  pages={171--178},
  year={2011},
  publisher={Nature Publishing Group}
}


@article{romani2013scaling,
  title={Scaling laws of associative memory retrieval},
  author={Romani, Sandro and Pinkoviezky, Itai and Rubin, Alon and Tsodyks, Misha},
  journal={Neural Computation},
  volume={25},
  number={10},
  pages={2523--2544},
  year={2013},
  publisher={MIT Press}
}

@article{collins1969retrieval,
  title={Retrieval time from memory},
  author={Collins, Allan M and Quillian, M Ross},
  journal={Journal of Verbal Learning and Verbal Behavior},
  volume={8},
  number={2},
  pages={240--247},
  year={1969},
  publisher={Elsevier}
}


@article{rhodes2007human,
  title={Human memory retrieval as L{\'e}vy foraging},
  author={Rhodes, Theo and Turvey, Michael T},
  journal={Physica A: Statistical Mechanics and its Applications},
  volume={385},
  number={1},
  pages={255--260},
  year={2007},
  publisher={Elsevier}
}

@inproceedings{austerweil2012human,
  title={Human memory search as a random walk in a network},
  author={Austerweil, Joseph L and Abbott, Joshua T and Griffiths, Thomas L},
  booktitle={Advances in Neural Information Processing Systems},
  pages={3041--3049},
  year={2012}
}


@article{hromadka2008sparse,
  title={Sparse representation of sounds in the unanesthetized auditory cortex},
  author={Hrom{\'a}dka, Tom{\'a}{\v{s}} and DeWeese, Michael R and Zador, Anthony M},
  journal={PLoS Biology},
  volume={6},
  number={1},
  pages={e16},
  year={2008},
  publisher={Public Library of Science}
}

@article{roudi2007balanced,
  title={A balanced memory network},
  author={Roudi, Yasser and Latham, Peter E},
  journal={PLoS Computational Biology},
  volume={3},
  number={9},
  pages={e141},
  year={2007},
  publisher={Public Library of Science}
}

@article{xue2014equalizing,
  title={Equalizing excitation-inhibition ratios across visual cortical neurons},
  author={Xue, Mingshan and Atallah, Bassam V and Scanziani, Massimo},
  journal={Nature},
  volume={511},
  number={7511},
  pages={596--600},
  year={2014},
  publisher={Nature Publishing Group}
}

@article{vogels2011inhibitory,
  title={Inhibitory plasticity balances excitation and inhibition in sensory pathways and memory networks},
  author={Vogels, TP and Sprekeler, Henning and Zenke, Friedemann and Clopath, Claudia and Gerstner, Wulfram},
  journal={Science},
  volume={334},
  number={6062},
  pages={1569--1573},
  year={2011},
  publisher={American Association for the Advancement of Science}
}



@article{wills2005attractor,
  title={Attractor dynamics in the hippocampal representation of the local environment},
  author={Wills, Tom J and Lever, Colin and Cacucci, Francesca and Burgess, Neil and O'Keefe, John},
  journal={Science},
  volume={308},
  number={5723},
  pages={873--876},
  year={2005},
  publisher={American Association for the Advancement of Science}
}

@article{hopfield1982neural,
  title={Neural networks and physical systems with emergent collective computational abilities},
  author={Hopfield, John J},
  journal={Proceedings of the National Academy of Sciences},
  volume={79},
  number={8},
  pages={2554--2558},
  year={1982},
  publisher={National Academy of Sciences}
}



@article{cline2005synaptogenesis,
  title={Synaptogenesis: a balancing act between excitation and inhibition},
  author={Cline, Hollis},
  journal={Current Biology},
  volume={15},
  number={6},
  pages={R203--R205},
  year={2005},
  publisher={Elsevier}
}


@article{palop2009epilepsy,
  title={Epilepsy and cognitive impairments in Alzheimer's disease},
  author={Palop, Jorge J and Mucke, Lennart},
  journal={Archives of Neurology},
  volume={66},
  number={4},
  pages={435--440},
  year={2009},
  publisher={American Medical Association}
}


@article{renart2010asynchronous,
  title={The asynchronous state in cortical circuits},
  author={Renart, Alfonso and de la Rocha, Jaime and Bartho, Peter and Hollender, Liad and Parga, N{\'e}stor and Reyes, Alex and Harris, Kenneth D},
  journal={Science},
  volume={327},
  number={5965},
  pages={587--590},
  year={2010},
  publisher={American Association for the Advancement of Science}
}


@article{ostojic2014two,
  title={Two types of asynchronous activity in networks of excitatory and inhibitory spiking neurons},
  author={Ostojic, Srdjan},
  journal={Nature Neuroscience},
  volume={17},
  number={4},
  pages={594--600},
  year={2014},
  publisher={Nature Publishing Group}
}


@article{rubinov2011neurobiologically,
  title={Neurobiologically realistic determinants of self-organized criticality in networks of spiking neurons},
  author={Rubinov, Mikail and Sporns, Olaf and Thivierge, Jean-Philippe and Breakspear, Michael},
  journal={PLoS Computational Biology},
  volume={7},
  number={6},
  pages={e1002038},
  year={2011},
  publisher={Public Library of Science}
}

@article{wang2011sustained,
  title={Sustained activity in hierarchical modular neural networks: self-organized criticality and oscillations},
  author={Wang, Sheng-Jun and Hilgetag, Claus C and Zhou, Changsong},
  journal={Frontiers in Computational Neuroscience},
  volume={5},
  year={2011},
  publisher={Frontiers Media SA}
}

@article{wang2012hierarchical,
  title={Hierarchical modular structure enhances the robustness of self-organized criticality in neural networks},
  author={Wang, Sheng-Jun and Zhou, Changsong},
  journal={New Journal of Physics},
  volume={14},
  number={2},
  pages={023005},
  year={2012},
  publisher={IOP Publishing}
}

@article{kaiser2010optimal,
  title={Optimal hierarchical modular topologies for producing limited sustained activation of neural networks},
  author={Kaiser, Marcus and Hilgetag, Claus C},
  journal={Frontiers in Neuroinformatics},
  volume={4},
  year={2010},
  publisher={Frontiers Research Foundation}
}

@article{moretti2013griffiths,
  title={Griffiths phases and the stretching of criticality in brain networks},
  author={Moretti, Paolo and Mu{\~n}oz, Miguel A},
  journal={Nature Communications},
  volume={4},
  year={2013},
  publisher={Nature Publishing Group}
}

@article{hutt2009interplay,
  title={Interplay between topology and dynamics in excitation patterns on hierarchical graphs},
  author={H{\"u}tt, Marc-Thorsten and Lesne, Annick},
  journal={Frontiers in Neuroinformatics},
  volume={3},
  year={2009},
  publisher={Frontiers Research Foundation}
}

@article{churchland2012two,
  title={Two layers of neural variability},
  author={Churchland, Mark M and Abbott, LF},
  journal={Nature Neuroscience},
  volume={15},
  number={11},
  pages={1472--1474},
  year={2012},
  publisher={Nature Publishing Group}
}



@article{landauer1998introduction,
  title={An introduction to latent analysis},
  author={Landauer, Thomas K and Foltz, Peter W and Laham, Darrell},
  journal={Discourse processes},
  volume={25},
  number={2-3},
  pages={259--284},
  year={1998},
  publisher={Taylor \& Francis}
}

@article{fino2011dense,
  title={Dense inhibitory connectivity in neocortex},
  author={Fino, Elodie and Yuste, Rafael},
  journal={Neuron},
  volume={69},
  number={6},
  pages={1188--1203},
  year={2011},
  publisher={Elsevier}
}

@article{murdock1962serial,
  title={The serial position effect of free recall.},
  author={Murdock Jr, Bennet B},
  journal={Journal of Experimental Psychology},
  volume={64},
  number={5},
  pages={482},
  year={1962},
  publisher={American Psychological Association}
}

@book{hebb2002organization,
  title={The Organization of Behavior: A Neuropsychological Theory},
  author={Hebb, Donald Olding},
  year={2002},
  publisher={Psychology Press}
}


@article{mongillo2008synaptic,
  title={Synaptic theory of working memory},
  author={Mongillo, Gianluigi and Barak, Omri and Tsodyks, Misha},
  journal={Science},
  volume={319},
  number={5869},
  pages={1543--1546},
  year={2008},
  publisher={American Association for the Advancement of Science}
}


@article{klinshov2014dense,
  title={Dense neuron clustering explains connectivity statistics in cortical microcircuits},
  author={Klinshov, Vladimir V and Teramae, Jun-nosuke and Nekorkin, Vladimir I and Fukai, Tomoki},
  journal={PloS ONE},
  volume={9},
  number={4},
  pages={e94292},
  year={2014},
  publisher={Public Library of Science}
}



@article{alvarez2006hierarchical,
  title={Hierarchical structures induce long-range dynamical correlations in written texts},
  author={Alvarez-Lacalle, E and Dorow, B and Eckmann, J-P and Moses, E},
  journal={Proceedings of the National Academy of Sciences},
  volume={103},
  number={21},
  pages={7956--7961},
  year={2006},
  publisher={National Academy of Sciences}
}

@book{gerstner2014neuronal,
  title={Neuronal dynamics: from single neurons to networks and models of cognition},
  author={Gerstner, Wulfram and Kistler, Werner M and Naud, Richard and Paninski, Liam},
  year={2014},
  publisher={Cambridge University Press}
}


@article{howard2002does,
  title={When does  similarity help episodic retrieval?},
  author={Howard, Marc W and Kahana, Michael J},
  journal={Journal of Memory and Language},
  volume={46},
  number={1},
  pages={85--98},
  year={2002},
  publisher={Elsevier}
}


@article{catani2005rises,
  title={The rises and falls of disconnection syndromes},
  author={Catani, Marco and H. ffytche, Dominic},
  journal={Brain},
  volume={128},
  number={10},
  pages={2224--2239},
  year={2005},
  publisher={Oxford University Press}
}

@article{pujol2014does,
  title={Does motion-related brain functional connectivity reflect both artifacts and genuine neural activity?},
  author={Pujol, Jesus and Maci{\`a}, D{\'\i}dac and Blanco-Hinojo, Laura and Mart{\'\i}nez-Vilavella, Gerard and Sunyer, Jordi and de la Torre, Rafael and Caix{\`a}s, Assumpta and Martin-Santos, Rocio and Deus, Joan and Harrison, Ben J},
  journal={NeuroImage},
  volume={101},
  pages={87--95},
  year={2014},
  publisher={Elsevier}
}


@incollection{picconi2012synaptic,
  title={Synaptic dysfunction in Parkinson’s disease},
  author={Picconi, Barbara and Piccoli, Giovanni and Calabresi, Paolo},
  booktitle={Synaptic Plasticity},
  pages={553--572},
  year={2012},
  publisher={Springer}
}


@article{selkoe2002alzheimer,
  title={Alzheimer's disease is a synaptic failure},
  author={Selkoe, Dennis J},
  journal={Science},
  volume={298},
  number={5594},
  pages={789--791},
  year={2002},
  publisher={American Association for the Advancement of Science}
}


@article{fares2009cooperative,
  title={Cooperative synapse formation in the neocortex},
  author={Fares, Tarec and Stepanyants, Armen},
  journal={Proceedings of the National Academy of Sciences},
  volume={106},
  number={38},
  pages={16463--16468},
  year={2009},
  publisher={National Academy of Sciences}
}



@article{chertkow1990,
  title={Semantic memory loss in dementia of Alzheimer's type. What do various measures measure?},
  author={Chertkow, Howard and Bub, Daniel},
  journal={Brain},
  volume={113},
  number={2},
  pages={397--417},
  year={1990},
  publisher={Oxford University Press}
}

@article{penzes2011dendritic,
  title={Dendritic spine pathology in neuropsychiatric disorders},
  author={Penzes, Peter and Cahill, Michael E and Jones, Kelly A and VanLeeuwen, Jon-Eric and Woolfrey, Kevin M},
  journal={Nature Neuroscience},
  volume={14},
  number={3},
  pages={285--293},
  year={2011},
  publisher={Nature Publishing Group}
}



@article{sperling2011toward,
  title={Toward defining the preclinical stages of Alzheimer’s disease: recommendations from the National Institute on Aging-Alzheimer's Association workgroups on diagnostic guidelines for Alzheimer's disease},
  author={Sperling, Reisa A and Aisen, Paul S and Beckett, Laurel A and Bennett, David A and Craft, Suzanne and Fagan, Anne M and Iwatsubo, Takeshi and Jack, Clifford R and Kaye, Jeffrey and Montine, Thomas J and others},
  journal={Alzheimer's \& Dementia},
  volume={7},
  number={3},
  pages={280--292},
  year={2011},
  publisher={Elsevier}
}


@article{haugrud2011clustering,
  title={Clustering and switching strategies during verbal fluency performance differentiate Alzheimer's disease and healthy aging},
  author={Haugrud, Nicole and Crossley, Margaret and Vrbancic, Mirna},
  journal={Journal of the International Neuropsychological Society},
  volume={17},
  number={06},
  pages={1153--1157},
  year={2011},
  publisher={Cambridge University Press}
}

@article{rohrer1994analysis,
  title={An analysis of latency and interresponse time in free recall},
  author={Rohrer, Doug and Wixted, John T},
  journal={Memory \& Cognition},
  volume={22},
  number={5},
  pages={511--524},
  year={1994},
  publisher={Springer}
}



@article{Schwartz2003,
author = {Schwartz, Sophie and Baldo, Juliana and Graves, Roger E. and Brugger, Peter},
journal = {Brain and Language},
number = {3},
pages = {400--411},
pmid = {14642542},
title = {{Pervasive influence of s in letter and category fluency: A multidimensional approach}},
volume = {87},
year = {2003}
}

@article{Goni2011,
author = {Go\~{n}i, Joaqu\'{\i}n and Arrondo, Gonzalo and Sepulcre, Jorge and Martincorena, I\~{n}igo and {V\'{e}lez De Mendiz\'{a}bal}, Nieves and Corominas-Murtra, Bernat and Bejarano, Bartolom\'{e} and Ardanza-Trevijano, Sergio and Peraita, Herminia and Wall, Dennis P. and Villoslada, Pablo},
journal = {Cognitive Processing},
number = {2},
pages = {183--196},
pmid = {20938799},
title = {{The  organization of the animal category: evidence from  verbal fluency and network theory}},
volume = {12},
year = {2011}
}



@article{sederberg2010temporal,
  title={The temporal contiguity effect predicts episodic memory performance},
  author={Sederberg, Per B and Miller, Jonathan F and Howard, Marc W and Kahana, Michael J},
  journal={Memory \& Cognition},
  volume={38},
  number={6},
  pages={689--699},
  year={2010},
  publisher={Springer}
}

@article{keane2015propagating,
  title={Propagating waves can explain irregular neural dynamics},
  author={Keane, Adam and Gong, Pulin},
  journal={The Journal of Neuroscience},
  volume={35},
  number={4},
  pages={1591--1605},
  year={2015},
  publisher={Society for Neuroscience}
}



@article{Abwender2001,
author = {Abwender, David and Swan, Jeffrey and Bowerman, John and Connolly, Sean},
journal = {Psychological Assessment},
number = {3},
pages = {323--336},
title = {{Qualitative analysis of verbal fluency output: review and comparison of several scoring methods}},
volume = {8},
year = {2001}
}



@incollection{Destexhe1998,
address = {Cambridge},
author = {Destexhe, Alain and  Mainen, Zachary F  and Sejnowski, Terry J},
editor = {Koch, C and Segev, I}, 
booktitle = {Methods in Neuronal Modeling},
edition = {2nd},
publisher = {MIT Press},
pages = {1--25},
title = {{Kinetic Models of Synaptic Transmission}},
year = {1998}
}



@book{todd2012cognitive,
  title={Cognitive search: evolution, algorithms, and the brain},
  author={Todd, Peter M and Hills, Thomas Trenholm and Robbins, Trevor W},
  year={2012},
  publisher={MIT Press}
}



@incollection{renart2004mean,
  title={Mean-field theory of irregularly spiking neuronal populations and working memory in recurrent cortical networks},
  author={Renart, Alfonso and Brunel, Nicolas and Wang, Xiao-Jing},
  pages={431--490},
  year={2003},
  editor = {Feng, Jianfeng}, 
  booktitle = {Computational Neuroscience: A Comprehensive Approach},
  publisher={Chapman and Hall, CRC Press}

}

@article{brunel2000dynamics,
  title={Dynamics of sparsely connected networks of excitatory and inhibitory spiking neurons},
  author={Brunel, Nicolas},
  journal={Journal of computational neuroscience},
  volume={8},
  number={3},
  pages={183--208},
  year={2000},
  publisher={Springer}
}


@article{fourcaud2002dynamics,
  title={Dynamics of the firing probability of noisy integrate-and-fire neurons},
  author={Fourcaud, Nicolas and Brunel, Nicolas},
  journal={Neural Computation},
  volume={14},
  number={9},
  pages={2057--2110},
  year={2002},
  publisher={MIT Press}
}

@article{brunel1998firing,
  title={Firing frequency of leaky intergrate-and-fire neurons with synaptic current dynamics},
  author={Brunel, Nicolas and Sergi, Simone},
  journal={Journal of Theoretical Biology},
  volume={195},
  number={1},
  pages={87--95},
  year={1998},
  publisher={Elsevier}
}

@article{brunel2003firing,
  title={Firing rate of the noisy quadratic integrate-and-fire neuron},
  author={Brunel, Nicolas and Latham, Peter E},
  journal={Neural Computation},
  volume={15},
  number={10},
  pages={2281--2306},
  year={2003},
  publisher={MIT Press}
}


@article{norrelykke2011harmonic,
  title={Harmonic oscillator in heat bath: exact simulation of time-lapse-recorded data and exact analytical benchmark statistics},
  author={N{\o}rrelykke, Simon F and Flyvbjerg, Henrik},
  journal={Physical Review E},
  volume={83},
  number={4},
  pages={041103},
  year={2011},
  publisher={APS}
}

@article{verechtchaguina2006first,
  title={First passage time densities in resonate-and-fire models},
  author={Verechtchaguina, Tatiana and Sokolov, Igor M and Schimansky-Geier, Lutz},
  journal={Physical Review E},
  volume={73},
  number={3},
  pages={031108},
  year={2006},
  publisher={APS}
}

@article{chandrasekhar1943stochastic,
  title={Stochastic problems in physics and astronomy},
  author={Chandrasekhar, Subrahmanyan},
  journal={Reviews of Modern Physics},
  volume={15},
  number={1},
  pages={1},
  year={1943},
  publisher={APS}
}

@article{hooke1961direct,
  title={``Direct Search''Solution of Numerical and Statistical Problems},
  author={Hooke, Robert and Jeeves, To A},
  journal={Journal of the ACM},
  volume={8},
  number={2},
  pages={212--229},
  year={1961},
  publisher={ACM}
}


@article{softky1993highly,
  title={The highly irregular firing of cortical cells is inconsistent with temporal integration of random EPSPs},
  author={Softky, William R and Koch, Christof},
  journal={Journal of Neuroscience},
  volume={13},
  number={1},
  pages={334--350},
  year={1993},
  publisher={Soc Neuroscience}
}

@article{amit1997model,
  title={Model of global spontaneous activity and local structured activity during delay periods in the cerebral cortex.},
  author={Amit, Daniel J and Brunel, Nicolas},
  journal={Cerebral Cortex},
  volume={7},
  number={3},
  pages={237--252},
  year={1997},
  publisher={Oxford Univerisity Press}
}

@article{mascaro1999effective,
  title={Effective neural response function for collective population states},
  author={Mascaro, Massimo and Amit, Daniel J},
  journal={Network: Computation in Neural Systems},
  volume={10},
  number={4},
  pages={351--373},
  year={1999},
  publisher={Informa UK Ltd UK}
}


@article{friston1998disconnection,
  title={The disconnection hypothesis},
  author={Friston, Karl J},
  journal={Schizophrenia Research},
  volume={30},
  number={2},
  pages={115--125},
  year={1998},
  publisher={Elsevier}
}

@article{mazzucato2015dynamics,
  title={Dynamics of multistable states during ongoing and evoked cortical activity},
  author={Mazzucato, Luca and Fontanini, Alfredo and La Camera, Giancarlo},
  journal={The Journal of Neuroscience},
  volume={35},
  number={21},
  pages={8214--8231},
  year={2015},
  publisher={Society for Neuroscience}
}

@article{cronin2010parkinson,
  title={Parkinson's disease as a disconnection syndrome},
  author={Cronin-Golomb, Alice},
  journal={Neuropsychology Review},
  volume={20},
  number={2},
  pages={191--208},
  year={2010},
  publisher={Springer}
}

@article{delbeuck2003alzheimer,
  title={Alzheimer's disease as a disconnection syndrome?},
  author={Delbeuck, Xavier and Van der Linden, Martial and Collette, Fabienne},
  journal={Neuropsychology Review},
  volume={13},
  number={2},
  pages={79--92},
  year={2003},
  publisher={Springer}
}



@article{peyrache2012spatiotemporal,
  title={Spatiotemporal dynamics of neocortical excitation and inhibition during human sleep},
  author={Peyrache, Adrien and Dehghani, Nima and Eskandar, Emad N and Madsen, Joseph R and Anderson, William S and Donoghue, Jacob A and Hochberg, Leigh R and Halgren, Eric and Cash, Sydney S and Destexhe, Alain},
  journal={Proceedings of the National Academy of Sciences},
  volume={109},
  number={5},
  pages={1731--1736},
  year={2012},
  publisher={National Academy of Sciences}
}


@article{rainer1999prospective,
  title={Prospective coding for objects in primate prefrontal cortex},
  author={Rainer, Gregor and Rao, S Chenchal and Miller, Earl K},
  journal={The Journal of Neuroscience},
  volume={19},
  number={13},
  pages={5493--5505},
  year={1999},
  publisher={Society for Neuroscience}
}

@article{shadlen1998variable,
  title={The variable discharge of cortical neurons: implications for connectivity, computation, and information coding},
  author={Shadlen, Michael N and Newsome, William T},
  journal={The Journal of Neuroscience},
  volume={18},
  number={10},
  pages={3870--3896},
  year={1998},
  publisher={Society for Neuroscience}
}


@article{takeuchi2011reversal,
  title={Reversal of interlaminar signal between sensory and memory processing in monkey temporal cortex},
  author={Takeuchi, Daigo and Hirabayashi, Toshiyuki and Tamura, Keita and Miyashita, Yasushi},
  journal={Science},
  volume={331},
  number={6023},
  pages={1443--1447},
  year={2011},
  publisher={American Association for the Advancement of Science}
}

@article{griffiths2007google,
  title={Google and the mind predicting fluency with pagerank},
  author={Griffiths, Thomas L and Steyvers, Mark and Firl, Alana},
  journal={Psychological Science},
  volume={18},
  number={12},
  pages={1069--1076},
  year={2007},
  publisher={SAGE Publications}
}


@book{lezak1995neuropsychological,
  title={Neuropsychological Assessment},
  author={Lezak, Muriel Deutsch},
  year={1995},
  publisher={Oxford University Press}
}



@article{hills2015exploration,
  title={Exploration versus exploitation in space, mind, and society},
  author={Hills, Thomas T and Todd, Peter M and Lazer, David and Redish, A David and Couzin, Iain D and Cognitive Search Research Group},
  journal={Trends in Cognitive Sciences},
  volume={19},
  number={1},
  pages={46--54},
  year={2015},
  publisher={Elsevier}
}


@book{dayan2001theoretical,
  title={Theoretical Neuroscience},
  author={Dayan, Peter and Abbott, Laurence F},
  publisher = {MIT Press},
  year = {2001}
}

@article{schwarz1978estimating,
  title={Estimating the dimension of a model},
  author={Schwarz, Gideon and others},
  journal={The Annals of Statistics},
  volume={6},
  number={2},
  pages={461--464},
  year={1978},
  publisher={Institute of Mathematical Statistics}
}


@article{kass1995bayes,
  title={Bayes factors},
  author={Kass, Robert E and Raftery, Adrian E},
  journal={Journal of the American Statistical Association},
  volume={90},
  number={430},
  pages={773--795},
  year={1995},
  publisher={Taylor \& Francis Group}
}

@article{curti2004mean,
  title={Mean field and capacity in realistic networks of spiking neurons storing sparsely coded random memories},
  author={Curti, Emanuele and Mongillo, Gianluigi and La Camera, Giancarlo and Amit, Daniel J},
  journal={Neural Computation},
  volume={16},
  number={12},
  pages={2597--2637},
  year={2004},
  publisher={MIT Press}
}




@article{pfeiffer2015autoassociative,
  title={Autoassociative dynamics in the generation of sequences of hippocampal place cells},
  author={Pfeiffer, Brad E and Foster, David J},
  journal={Science},
  volume={349},
  number={6244},
  pages={180--183},
  year={2015},
  publisher={American Association for the Advancement of Science}
}

@article{deco2012neural,
  title={Neural network mechanisms underlying stimulus driven variability reduction},
  author={Deco, Gustavo and Hugues, Etienne},
  journal={PLoS Computational Biology},
  volume={8},
  number={3},
  pages={e1002395--e1002395},
  year={2012}
}

@article{viswanathan1999optimizing,
  title={Optimizing the success of random searches},
  author={Viswanathan, GM and Buldyrev, Sergey V and Havlin, Shlomo and Da Luz, MGE and Raposo, EP and Stanley, H Eugene},
  journal={Nature},
  volume={401},
  number={6756},
  pages={911--914},
  year={1999},
  publisher={Nature Publishing Group}
}


@article{eichler2008ei,
  title={EI balance and human diseases--from molecules to networking},
  author={Eichler, Sabrina A and Meier, Jochen C},
  journal={Frontiers in Molecular Neuroscience},
  volume={1},
  year={2008},
  publisher={Frontiers Research Foundation}
}


@book{koch1998biophysics,
  title={Biophysics of Computation: Information Processing in Single Neurons},
  author={Koch, Christof},
  year={1998},
  publisher={Oxford University Press}
}

@article{borkowski1967word,
  title={Word fluency and brain damage},
  author={Borkowski, John G and Benton, Arthur L and Spreen, Otfried},
  journal={Neuropsychologia},
  volume={5},
  number={2},
  pages={135--140},
  year={1967},
  publisher={Elsevier}
}

@book{baddeley1997human,
  title={Human Memory: Theory and Practice},
  author={Baddeley, Alan D},
  year={1997},
  publisher={Psychology Press}
}




@article{johnson2007neural,
  title={Neural ensembles in {CA3} transiently encode paths forward of the animal at a decision point},
  author={Johnson, Adam and Redish, A David},
  journal={The Journal of Neuroscience},
  volume={27},
  number={45},
  pages={12176--12189},
  year={2007},
  publisher={Society for Neuroscience}
}


@article{van2010triple,
  title={Triple dissociation of information processing in dorsal striatum, ventral striatum, and hippocampus on a learned spatial decision task},
  author={van der Meer, Matthijs AA and Johnson, Adam and Schmitzer-Torbert, Neil C and Redish, A David},
  journal={Neuron},
  volume={67},
  number={1},
  pages={25--32},
  year={2010},
  publisher={Elsevier}
}


@article{kuhl2014successful,
  title={Successful remembering elicits event-specific activity patterns in lateral parietal cortex},
  author={Kuhl, Brice A and Chun, Marvin M},
  journal={The Journal of Neuroscience},
  volume={34},
  number={23},
  pages={8051--8060},
  year={2014},
  publisher={Society for Neuroscience}
}


@article{deuker2013memory,
  title={Memory consolidation by replay of stimulus-specific neural activity},
  author={Deuker, Lorena and Olligs, Jan and Fell, Juergen and Kranz, Thorsten A and Mormann, Florian and Montag, Christian and Reuter, Martin and Elger, Christian E and Axmacher, Nikolai},
  journal={The Journal of Neuroscience},
  volume={33},
  number={49},
  pages={19373--19383},
  year={2013},
  publisher={Society for Neuroscience}
}


@article{mckenzie2014hippocampal,
  title={Hippocampal representation of related and opposing memories develop within distinct, hierarchically organized neural schemas},
  author={McKenzie, Sam and Frank, Andrea J and Kinsky, Nathaniel R and Porter, Blake and Rivi{\`e}re, Pamela D and Eichenbaum, Howard},
  journal={Neuron},
  volume={83},
  number={1},
  pages={202--215},
  year={2014},
  publisher={Elsevier}
}

@article{steyvers2005large,
  title={The large-scale structure of semantic networks: statistical analyses and a model of semantic growth},
  author={Steyvers, Mark and Tenenbaum, Joshua B},
  journal={Cognitive Science},
  volume={29},
  number={1},
  pages={41--78},
  year={2005},
  publisher={Wiley Online Library}
}


@article{stein1967some,
  title={Some models of neuronal variability},
  author={Stein, Richard B},
  journal={Biophysical Journal},
  volume={7},
  number={1},
  pages={37},
  year={1967},
  publisher={The Biophysical Society}
}

@article{destexhe2003high,
  title={The high-conductance state of neocortical neurons in vivo},
  author={Destexhe, Alain and Rudolph, Michael and Par{\'e}, Denis},
  journal={Nature Reviews Neuroscience},
  volume={4},
  number={9},
  pages={739--751},
  year={2003},
  publisher={Nature Publishing Group}
}


@article{richardson2005synaptic,
  title={Synaptic shot noise and conductance fluctuations affect the membrane voltage with equal significance},
  author={Richardson, Magnus JE and Gerstner, Wulfram},
  journal={Neural Computation},
  volume={17},
  number={4},
  pages={923--947},
  year={2005},
  publisher={MIT Press}
}


@article{wang1999synaptic,
  title={Synaptic basis of cortical persistent activity: the importance of NMDA receptors to working memory.},
  author={Wang, XJ},
  journal={The Journal of Neuroscience},
  volume={19},
  number={21},
  pages={9587--9603},
  year={1999}
}


@article{felleman1991distributed,
  title={Distributed hierarchical processing in the primate cerebral cortex},
  author={Felleman, Daniel J and Van Essen, David C},
  journal={Cerebral Cortex},
  volume={1},
  number={1},
  pages={1--47},
  year={1991},
  publisher={Oxford University Press}
}


@article{markov2013cortical,
  title={Cortical high-density counterstream architectures},
  author={Markov, Nikola T and Ercsey-Ravasz, M{\'a}ria and Van Essen, David C and Knoblauch, Kenneth and Toroczkai, Zolt{\'a}n and Kennedy, Henry},
  journal={Science},
  volume={342},
  number={6158},
  pages={1238406},
  year={2013},
  publisher={American Association for the Advancement of Science}
}


@book{sporns2011networks,
  title={Networks of the Brain},
  author={Sporns, Olaf},
  year={2011},
  publisher={MIT press}
}


@article{meunier2010modular,
  title={Modular and hierarchically modular organization of brain networks},
  author={Meunier, David and Lambiotte, Renaud and Bullmore, Edward T},
  journal={Frontiers in Neuroscience},
  volume={4},
  year={2010},
  publisher={Frontiers Research Foundation}
}


@article{raaijmakers1981search,
  title={Search of associative memory},
  author={Raaijmakers, Jeroen G and Shiffrin, Richard M},
  journal={Psychological Review},
  volume={88},
  number={2},
  pages={93},
  year={1981},
  publisher={American Psychological Association}
}


@article{mishkin1997hierarchical,
  title={Hierarchical organization of cognitive memory},
  author={Mishkin, Mortimer and Suzuki, Wendy A and Gadian, David G and Vargha--Khadem, Faraneh},
  journal={Philosophical Transactions of the Royal Society B: Biological Sciences},
  volume={352},
  number={1360},
  pages={1461--1467},
  year={1997},
  publisher={The Royal Society}
}


@article{edwards2007revisiting,
  title={Revisiting L{\'e}vy flight search patterns of wandering albatrosses, bumblebees and deer},
  author={Edwards, Andrew M and Phillips, Richard A and Watkins, Nicholas W and Freeman, Mervyn P and Murphy, Eugene J and Afanasyev, Vsevolod and Buldyrev, Sergey V and da Luz, Marcos GE and Raposo, Ernesto P and Stanley, H Eugene and others},
  journal={Nature},
  volume={449},
  number={7165},
  pages={1044--1048},
  year={2007},
  publisher={Nature Publishing Group}
}



@article{solway2014optimal,
  title={Optimal behavioral hierarchy},
  author={Solway, A and Diuk, C and C{\'o}rdova, N and Yee, D and Barto, AG and Niv, Y and Botvinick, MM},
  journal={PLoS Computational Biology},
  volume={10},
  number={8},
  pages={e1003779},
  year={2014},
  publisher={Public Library of Science}
}


@article{botvinick2008hierarchical,
  title={Hierarchical models of behavior and prefrontal function},
  author={Botvinick, Matthew M},
  journal={Trends in Cognitive Sciences},
  volume={12},
  number={5},
  pages={201--208},
  year={2008},
  publisher={Elsevier}
}


@article{wixted1994analyzing,
  title={Analyzing the dynamics of free recall: an integrative review of the empirical literature},
  author={Wixted, John T and Rohrer, Doug},
  journal={Psychonomic Bulletin \& Review},
  volume={1},
  number={1},
  pages={89--106},
  year={1994},
  publisher={Springer}
}


@article{hills2012optimal,
  title={Optimal foraging in semantic memory},
  author={Hills, Thomas T and Jones, Michael N and Todd, Peter M},
  journal={Psychological Review},
  volume={119},
  number={2},
  pages={431},
  year={2012},
  publisher={American Psychological Association}
}


@article{collins2010neuron,
  title={Neuron densities vary across and within cortical areas in primates},
  author={Collins, Christine E and Airey, David C and Young, Nicole A and Leitch, Duncan B and Kaas, Jon H},
  journal={Proceedings of the National Academy of Sciences},
  volume={107},
  number={36},
  pages={15927--15932},
  year={2010},
  publisher={National Acad Sciences}
}


@article{jinno2010stereological,
  title={Stereological estimation of numerical densities of glutamatergic principal neurons in the mouse hippocampus},
  author={Jinno, Shozo and Kosaka, Toshio},
  journal={Hippocampus},
  volume={20},
  number={7},
  pages={829--840},
  year={2010},
  publisher={Wiley Online Library}
}


@article{henriksen2016simple,
  title={A simple generative model of the mouse mesoscale connectome},
  author={Henriksen, Sid and Pang, Rich and Wronkiewicz, Mark},
  journal={eLife},
  volume={5},
  pages={e12366},
  year={2016},
  publisher={eLife Sciences Publications Limited}
}

@article{levy2012spatial,
  title={Spatial profile of excitatory and inhibitory synaptic connectivity in mouse primary auditory cortex},
  author={Levy, Robert B and Reyes, Alex D},
  journal={The Journal of Neuroscience},
  volume={32},
  number={16},
  pages={5609--5619},
  year={2012},
  publisher={Soc Neuroscience}
}


@article{freund1996interneurons,
  title={Interneurons of the hippocampus},
  author={Freund, Tamas F and Buzs{\'a}ki, GY},
  journal={Hippocampus},
  volume={6},
  number={4},
  pages={347--470},
  year={1996},
  publisher={Wiley Online Library}
}

@article{karnani2016opening,
  title={Opening holes in the blanket of inhibition: localized lateral disinhibition by VIP interneurons},
  author={Karnani, Mahesh M and Jackson, Jesse and Ayzenshtat, Inbal and Sichani, Azadeh Hamzehei and Manoocheri, Kasra and Kim, Samuel and Yuste, Rafael},
  journal={The Journal of Neuroscience},
  volume={36},
  number={12},
  pages={3471--3480},
  year={2016},
  publisher={Soc Neuroscience}
}

@article{landau2016impact,
  title={The Impact of Structural Heterogeneity on Excitation-Inhibition Balance in Cortical Networks},
  author={Landau, Itamar D and Egger, Robert and Dercksen, Vincent J and Oberlaender, Marcel and Sompolinsky, Haim},
  journal={Neuronl},
  volume={},
  number={},
  pages={},
  doi={http://dx.doi.org/10.1016/j.neuron.2016.10.027},
  year={2016}
}

@article{schlingloff2014mechanisms,
  title={Mechanisms of sharp wave initiation and ripple generation},
  author={Schlingloff, D{\'a}niel and K{\'a}li, Szabolcs and Freund, Tam{\'a}s F and H{\'a}jos, Norbert and Guly{\'a}s, Attila I},
  journal={The Journal of Neuroscience},
  volume={34},
  number={34},
  pages={11385--11398},
  year={2014},
  publisher={Soc Neuroscience}
}
